@article{naitzat2020topology,
  title={Topology of deep neural networks},
  author={Naitzat, Gregory and Zhitnikov, Andrey and Lim, Lek-Heng},
  journal={Journal of Machine Learning Research},
  volume={21},
  number={184},
  pages={1--40},
  year={2020}
}
@article{carlsson2008local,
  title={On the local behavior of spaces of natural images},
  author={Carlsson, Gunnar and Ishkhanov, Tigran and De Silva, Vin and Zomorodian, Afra},
  journal={International journal of computer vision},
  volume={76},
  number={1},
  pages={1--12},
  year={2008},
  publisher={Springer}
}
@article{carlsson2009topology,
  title={Topology and data},
  author={Carlsson, Gunnar},
  journal={Bulletin of the American Mathematical Society},
  volume={46},
  number={2},
  pages={255--308},
  year={2009}
}
@article{chazal2017introduction,
  title={An introduction to topological data analysis: fundamental and practical aspects for data scientists},
  author={Chazal, Fr{\'e}d{\'e}ric and Michel, Bertrand},
  journal={arXiv preprint arXiv:1710.04019},
  year={2017}
}
@article{meng2019class,
  title={Class Activation Map Generation by Representative Class Selection and Multi-Layer Feature Fusion},
  author={Meng, Fanman and Huang, Kaixu and Li, Hongliang and Wu, Qingbo},
  journal={arXiv preprint arXiv:1901.07683},
  year={2019}
}

